%% This BibTeX bibliography file was created using BibDesk.
%% https://bibdesk.sourceforge.io/

%% Created for Xian Jiang at 2022-02-03 22:36:44 -0500 


%% Saved with string encoding Unicode (UTF-8) 



@article{kim/kung:2017,
	author = {Kim, Hyunseob and Kung, Howard},
	date-added = {2022-02-03 15:58:01 -0500},
	date-modified = {2022-02-03 15:58:13 -0500},
	journal = {The Review of Financial Studies},
	number = {1},
	pages = {245--280},
	publisher = {Oxford University Press},
	title = {The asset redeployability channel: How uncertainty affects corporate investment},
	volume = {30},
	year = {2017}}

@article{rajan/zingales:1998,
	author = {Rajan, Raghuram G and Zingales, Luigi},
	date-added = {2022-02-03 15:56:32 -0500},
	date-modified = {2022-02-03 15:56:57 -0500},
	journal = {American Economic Review},
	pages = {559--586},
	publisher = {JSTOR},
	title = {Financial Dependence and Growth},
	year = {1998}}

@article{defl,
	author = {NBS},
	date-added = {2022-02-03 15:41:53 -0500},
	date-modified = {2022-02-03 16:11:30 -0500},
	journal = {China Statistical Yearbook},
	title = {Price Index for Investment in Fixed Assets},
	year = {2019}}

@article{fdi,
	author = {MOC},
	date-added = {2022-02-03 15:39:59 -0500},
	date-modified = {2022-02-03 22:36:43 -0500},
	journal = {Ministry of Commerce},
	title = {Foreign Direct Investment Records},
	year = {2016}}

@article{asm,
	author = {NBS},
	date-added = {2022-02-03 15:37:46 -0500},
	date-modified = {2022-02-03 16:11:08 -0500},
	journal = {National Bureau of Statistics},
	title = {Annual Survey of Industrial Firms},
	year = {2005-2006}}

@article{taxdata,
	author = {SAT},
	date-added = {2022-02-03 15:36:31 -0500},
	date-modified = {2022-02-03 16:25:26 -0500},
	journal = {Enterprise Tax Survey Dataset},
	title = {Chinese State Administration of Tax},
	year = {2007-2011}}

@article{oecd,
	author = {OECD},
	date-added = {2022-02-03 15:25:00 -0500},
	date-modified = {2022-02-03 16:01:48 -0500},
	journal = {doi: 10.1787/b6793677-en},
	title = {Investment (GFCF) (indicator)},
	year = {2000-2017}}
